%YAML 1.1
%TAG !u! tag:unity3d.com,2011:
--- !u!1 &2606374907312959954
GameObject:
  m_ObjectHideFlags: 0
  m_CorrespondingSourceObject: {fileID: 0}
  m_PrefabInstance: {fileID: 0}
  m_PrefabAsset: {fileID: 0}
  serializedVersion: 6
  m_Component:
  - component: {fileID: 8459009538618820772}
  m_Layer: 0
  m_Name: PlatformContainer (1) 2
  m_TagString: Untagged
  m_Icon: {fileID: 0}
  m_NavMeshLayer: 0
  m_StaticEditorFlags: 0
  m_IsActive: 1
--- !u!4 &8459009538618820772
Transform:
  m_ObjectHideFlags: 0
  m_CorrespondingSourceObject: {fileID: 0}
  m_PrefabInstance: {fileID: 0}
  m_PrefabAsset: {fileID: 0}
  m_GameObject: {fileID: 2606374907312959954}
  m_LocalRotation: {x: 0, y: 0, z: 0, w: 1}
  m_LocalPosition: {x: 2.3882062, y: -16, z: 0}
  m_LocalScale: {x: 1, y: 1, z: 1}
  m_Children:
  - {fileID: 7255545049171241621}
  - {fileID: 5962490337418018922}
  - {fileID: 3050756030026817790}
  - {fileID: 6266407226085849126}
  m_Father: {fileID: 0}
  m_RootOrder: 0
  m_LocalEulerAnglesHint: {x: 0, y: 0, z: 0}
--- !u!1001 &1987622393373857325
PrefabInstance:
  m_ObjectHideFlags: 0
  serializedVersion: 2
  m_Modification:
    m_TransformParent: {fileID: 8459009538618820772}
    m_Modifications:
    - target: {fileID: 9161917922151185592, guid: 338e0971b356b15428db59bdfd14c53e, type: 3}
      propertyPath: m_RootOrder
      value: 0
      objectReference: {fileID: 0}
    - target: {fileID: 9161917922151185592, guid: 338e0971b356b15428db59bdfd14c53e, type: 3}
      propertyPath: m_LocalPosition.x
      value: -3.5
      objectReference: {fileID: 0}
    - target: {fileID: 9161917922151185592, guid: 338e0971b356b15428db59bdfd14c53e, type: 3}
      propertyPath: m_LocalPosition.y
      value: 0
      objectReference: {fileID: 0}
    - target: {fileID: 9161917922151185592, guid: 338e0971b356b15428db59bdfd14c53e, type: 3}
      propertyPath: m_LocalPosition.z
      value: 0
      objectReference: {fileID: 0}
    - target: {fileID: 9161917922151185592, guid: 338e0971b356b15428db59bdfd14c53e, type: 3}
      propertyPath: m_LocalRotation.w
      value: 1
      objectReference: {fileID: 0}
    - target: {fileID: 9161917922151185592, guid: 338e0971b356b15428db59bdfd14c53e, type: 3}
      propertyPath: m_LocalRotation.x
      value: 0
      objectReference: {fileID: 0}
    - target: {fileID: 9161917922151185592, guid: 338e0971b356b15428db59bdfd14c53e, type: 3}
      propertyPath: m_LocalRotation.y
      value: 0
      objectReference: {fileID: 0}
    - target: {fileID: 9161917922151185592, guid: 338e0971b356b15428db59bdfd14c53e, type: 3}
      propertyPath: m_LocalRotation.z
      value: 0
      objectReference: {fileID: 0}
    - target: {fileID: 9161917922151185592, guid: 338e0971b356b15428db59bdfd14c53e, type: 3}
      propertyPath: m_LocalEulerAnglesHint.x
      value: 0
      objectReference: {fileID: 0}
    - target: {fileID: 9161917922151185592, guid: 338e0971b356b15428db59bdfd14c53e, type: 3}
      propertyPath: m_LocalEulerAnglesHint.y
      value: 0
      objectReference: {fileID: 0}
    - target: {fileID: 9161917922151185592, guid: 338e0971b356b15428db59bdfd14c53e, type: 3}
      propertyPath: m_LocalEulerAnglesHint.z
      value: 0
      objectReference: {fileID: 0}
    - target: {fileID: 9161917922151185596, guid: 338e0971b356b15428db59bdfd14c53e, type: 3}
      propertyPath: m_Name
      value: Platform_Default
      objectReference: {fileID: 0}
    m_RemovedComponents: []
  m_SourcePrefab: {fileID: 100100000, guid: 338e0971b356b15428db59bdfd14c53e, type: 3}
--- !u!4 &7255545049171241621 stripped
Transform:
  m_CorrespondingSourceObject: {fileID: 9161917922151185592, guid: 338e0971b356b15428db59bdfd14c53e, type: 3}
  m_PrefabInstance: {fileID: 1987622393373857325}
  m_PrefabAsset: {fileID: 0}
--- !u!1001 &3013871207802111134
PrefabInstance:
  m_ObjectHideFlags: 0
  serializedVersion: 2
  m_Modification:
    m_TransformParent: {fileID: 8459009538618820772}
    m_Modifications:
    - target: {fileID: 9161917922151185592, guid: 338e0971b356b15428db59bdfd14c53e, type: 3}
      propertyPath: m_RootOrder
      value: 3
      objectReference: {fileID: 0}
    - target: {fileID: 9161917922151185592, guid: 338e0971b356b15428db59bdfd14c53e, type: 3}
      propertyPath: m_LocalPosition.x
      value: 5.59
      objectReference: {fileID: 0}
    - target: {fileID: 9161917922151185592, guid: 338e0971b356b15428db59bdfd14c53e, type: 3}
      propertyPath: m_LocalPosition.y
      value: 1.06
      objectReference: {fileID: 0}
    - target: {fileID: 9161917922151185592, guid: 338e0971b356b15428db59bdfd14c53e, type: 3}
      propertyPath: m_LocalPosition.z
      value: 0
      objectReference: {fileID: 0}
    - target: {fileID: 9161917922151185592, guid: 338e0971b356b15428db59bdfd14c53e, type: 3}
      propertyPath: m_LocalRotation.w
      value: 1
      objectReference: {fileID: 0}
    - target: {fileID: 9161917922151185592, guid: 338e0971b356b15428db59bdfd14c53e, type: 3}
      propertyPath: m_LocalRotation.x
      value: 0
      objectReference: {fileID: 0}
    - target: {fileID: 9161917922151185592, guid: 338e0971b356b15428db59bdfd14c53e, type: 3}
      propertyPath: m_LocalRotation.y
      value: 0
      objectReference: {fileID: 0}
    - target: {fileID: 9161917922151185592, guid: 338e0971b356b15428db59bdfd14c53e, type: 3}
      propertyPath: m_LocalRotation.z
      value: 0
      objectReference: {fileID: 0}
    - target: {fileID: 9161917922151185592, guid: 338e0971b356b15428db59bdfd14c53e, type: 3}
      propertyPath: m_LocalEulerAnglesHint.x
      value: 0
      objectReference: {fileID: 0}
    - target: {fileID: 9161917922151185592, guid: 338e0971b356b15428db59bdfd14c53e, type: 3}
      propertyPath: m_LocalEulerAnglesHint.y
      value: 0
      objectReference: {fileID: 0}
    - target: {fileID: 9161917922151185592, guid: 338e0971b356b15428db59bdfd14c53e, type: 3}
      propertyPath: m_LocalEulerAnglesHint.z
      value: 0
      objectReference: {fileID: 0}
    - target: {fileID: 9161917922151185596, guid: 338e0971b356b15428db59bdfd14c53e, type: 3}
      propertyPath: m_Name
      value: Platform_Default (3)
      objectReference: {fileID: 0}
    m_RemovedComponents: []
  m_SourcePrefab: {fileID: 100100000, guid: 338e0971b356b15428db59bdfd14c53e, type: 3}
--- !u!4 &6266407226085849126 stripped
Transform:
  m_CorrespondingSourceObject: {fileID: 9161917922151185592, guid: 338e0971b356b15428db59bdfd14c53e, type: 3}
  m_PrefabInstance: {fileID: 3013871207802111134}
  m_PrefabAsset: {fileID: 0}
--- !u!1001 &3286130819698736338
PrefabInstance:
  m_ObjectHideFlags: 0
  serializedVersion: 2
  m_Modification:
    m_TransformParent: {fileID: 8459009538618820772}
    m_Modifications:
    - target: {fileID: 9161917922151185592, guid: 338e0971b356b15428db59bdfd14c53e, type: 3}
      propertyPath: m_RootOrder
      value: 1
      objectReference: {fileID: 0}
    - target: {fileID: 9161917922151185592, guid: 338e0971b356b15428db59bdfd14c53e, type: 3}
      propertyPath: m_LocalPosition.x
      value: 3.5
      objectReference: {fileID: 0}
    - target: {fileID: 9161917922151185592, guid: 338e0971b356b15428db59bdfd14c53e, type: 3}
      propertyPath: m_LocalPosition.y
      value: 0
      objectReference: {fileID: 0}
    - target: {fileID: 9161917922151185592, guid: 338e0971b356b15428db59bdfd14c53e, type: 3}
      propertyPath: m_LocalPosition.z
      value: 0
      objectReference: {fileID: 0}
    - target: {fileID: 9161917922151185592, guid: 338e0971b356b15428db59bdfd14c53e, type: 3}
      propertyPath: m_LocalRotation.w
      value: 1
      objectReference: {fileID: 0}
    - target: {fileID: 9161917922151185592, guid: 338e0971b356b15428db59bdfd14c53e, type: 3}
      propertyPath: m_LocalRotation.x
      value: 0
      objectReference: {fileID: 0}
    - target: {fileID: 9161917922151185592, guid: 338e0971b356b15428db59bdfd14c53e, type: 3}
      propertyPath: m_LocalRotation.y
      value: 0
      objectReference: {fileID: 0}
    - target: {fileID: 9161917922151185592, guid: 338e0971b356b15428db59bdfd14c53e, type: 3}
      propertyPath: m_LocalRotation.z
      value: 0
      objectReference: {fileID: 0}
    - target: {fileID: 9161917922151185592, guid: 338e0971b356b15428db59bdfd14c53e, type: 3}
      propertyPath: m_LocalEulerAnglesHint.x
      value: 0
      objectReference: {fileID: 0}
    - target: {fileID: 9161917922151185592, guid: 338e0971b356b15428db59bdfd14c53e, type: 3}
      propertyPath: m_LocalEulerAnglesHint.y
      value: 0
      objectReference: {fileID: 0}
    - target: {fileID: 9161917922151185592, guid: 338e0971b356b15428db59bdfd14c53e, type: 3}
      propertyPath: m_LocalEulerAnglesHint.z
      value: 0
      objectReference: {fileID: 0}
    - target: {fileID: 9161917922151185596, guid: 338e0971b356b15428db59bdfd14c53e, type: 3}
      propertyPath: m_Name
      value: Platform_Default (1)
      objectReference: {fileID: 0}
    m_RemovedComponents: []
  m_SourcePrefab: {fileID: 100100000, guid: 338e0971b356b15428db59bdfd14c53e, type: 3}
--- !u!4 &5962490337418018922 stripped
Transform:
  m_CorrespondingSourceObject: {fileID: 9161917922151185592, guid: 338e0971b356b15428db59bdfd14c53e, type: 3}
  m_PrefabInstance: {fileID: 3286130819698736338}
  m_PrefabAsset: {fileID: 0}
--- !u!1001 &6157508919116307526
PrefabInstance:
  m_ObjectHideFlags: 0
  serializedVersion: 2
  m_Modification:
    m_TransformParent: {fileID: 8459009538618820772}
    m_Modifications:
    - target: {fileID: 9161917922151185592, guid: 338e0971b356b15428db59bdfd14c53e, type: 3}
      propertyPath: m_RootOrder
      value: 2
      objectReference: {fileID: 0}
    - target: {fileID: 9161917922151185592, guid: 338e0971b356b15428db59bdfd14c53e, type: 3}
      propertyPath: m_LocalPosition.x
      value: -5.6
      objectReference: {fileID: 0}
    - target: {fileID: 9161917922151185592, guid: 338e0971b356b15428db59bdfd14c53e, type: 3}
      propertyPath: m_LocalPosition.y
      value: 1.07
      objectReference: {fileID: 0}
    - target: {fileID: 9161917922151185592, guid: 338e0971b356b15428db59bdfd14c53e, type: 3}
      propertyPath: m_LocalPosition.z
      value: 0
      objectReference: {fileID: 0}
    - target: {fileID: 9161917922151185592, guid: 338e0971b356b15428db59bdfd14c53e, type: 3}
      propertyPath: m_LocalRotation.w
      value: 1
      objectReference: {fileID: 0}
    - target: {fileID: 9161917922151185592, guid: 338e0971b356b15428db59bdfd14c53e, type: 3}
      propertyPath: m_LocalRotation.x
      value: 0
      objectReference: {fileID: 0}
    - target: {fileID: 9161917922151185592, guid: 338e0971b356b15428db59bdfd14c53e, type: 3}
      propertyPath: m_LocalRotation.y
      value: 0
      objectReference: {fileID: 0}
    - target: {fileID: 9161917922151185592, guid: 338e0971b356b15428db59bdfd14c53e, type: 3}
      propertyPath: m_LocalRotation.z
      value: 0
      objectReference: {fileID: 0}
    - target: {fileID: 9161917922151185592, guid: 338e0971b356b15428db59bdfd14c53e, type: 3}
      propertyPath: m_LocalEulerAnglesHint.x
      value: 0
      objectReference: {fileID: 0}
    - target: {fileID: 9161917922151185592, guid: 338e0971b356b15428db59bdfd14c53e, type: 3}
      propertyPath: m_LocalEulerAnglesHint.y
      value: 0
      objectReference: {fileID: 0}
    - target: {fileID: 9161917922151185592, guid: 338e0971b356b15428db59bdfd14c53e, type: 3}
      propertyPath: m_LocalEulerAnglesHint.z
      value: 0
      objectReference: {fileID: 0}
    - target: {fileID: 9161917922151185596, guid: 338e0971b356b15428db59bdfd14c53e, type: 3}
      propertyPath: m_Name
      value: Platform_Default (2)
      objectReference: {fileID: 0}
    m_RemovedComponents: []
  m_SourcePrefab: {fileID: 100100000, guid: 338e0971b356b15428db59bdfd14c53e, type: 3}
--- !u!4 &3050756030026817790 stripped
Transform:
  m_CorrespondingSourceObject: {fileID: 9161917922151185592, guid: 338e0971b356b15428db59bdfd14c53e, type: 3}
  m_PrefabInstance: {fileID: 6157508919116307526}
  m_PrefabAsset: {fileID: 0}
